% TERRIBLE REFERENCES SORT THESE OUT


%STANDARD
@book{Dodelson:2003ft,
      author         = "Dodelson, Scott",
      title          = "{Modern cosmology}",
      year           = "2003",
      reportNumber   = "ISBN-9780122191411",
      SLACcitation   = "%%CITATION = ISBN-9780122191411 ETC.;%%",
      publisher = "Academic Press",
}





% DARK MATTER

@article{DMDISC,
   author = {{Zwicky}, F.},
    title = "{On the Masses of Nebulae and of Clusters of Nebulae}",
  journal = {APJ},
     year = 1937,
    month = oct,
   volume = 86,
    pages = {217},
      doi = {10.1086/143864},
   adsurl = {http://adsabs.harvard.edu/abs/1937ApJ....86..217Z},
  adsnote = {Provided by the SAO/NASA Astrophysics Data System}
}



@article{D'Amico:2009df,
    author         = "D'Amico, Guido and Kamionkowski, Marc and Sigurdson,
    Kris",
    title          = "{Dark Matter Astrophysics}",
    year           = "2009",
    eprint         = "0907.1912",
    archivePrefix  = "arXiv",
    primaryClass   = "astro-ph.CO",
    SLACcitation   = "%%CITATION = ARXIV:0907.1912;%%",
}



% MOND

@article{Famaey:2011kh,
    author         = "Famaey, Benoit and McGaugh, Stacy",
    title          = "{Modified Newtonian Dynamics (MOND): Observational Phenomenology and Relativistic Extensions}",
    journal        = "Living Rev.Rel.",
    volume         = "15",
    pages          = "10",
    year           = "2012",
    eprint         = "1112.3960",
    archivePrefix  = "arXiv",
    primaryClass   = "astro-ph.CO",
    SLACcitation   = "%%CITATION = ARXIV:1112.3960;%%",
}

% INFAOTION
@article{Lyth:2000me,
    author         = "Lyth, D.H.",
    title          = "{Current issues for inflation}",
    year           = "2000",
    eprint         = "hep-ph/0003120",
    archivePrefix  = "arXiv",
    primaryClass   = "hep-ph",
    SLACcitation   = "%%CITATION = HEP-PH/0003120;%%",
}


% COSMO CONSTANT
@article{Martin:2012bt,
    author         = "Martin, J.",
    title          = "{Everything You Always Wanted To Know About The Cosmological Constant Problem (But Were Afraid To Ask)}",
    journal        = "Comptes Rendus Physique",
    volume         = "13",
    pages          = "566-665",
    doi            = "10.1016/j.crhy.2012.04.008",
    year           = "2012",
    eprint         = "1205.3365",
    archivePrefix  = "arXiv",
    primaryClass   = "astro-ph.CO",
    SLACcitation   = "%%CITATION = ARXIV:1205.3365;%%",
}



@article{Bennett:2012zja,
      author         = "Bennett, C.L. and others",
      title          = "{Nine-Year Wilkinson Microwave Anisotropy Probe (WMAP)
                        Observations: Final Maps and Results}",
      collaboration  = "WMAP Collaboration",
      year           = "2012",
      eprint         = "1212.5225",
      archivePrefix  = "arXiv",
      primaryClass   = "astro-ph.CO",
      SLACcitation   = "%%CITATION = ARXIV:1212.5225;%%",
}

%% DARK MATTER MASS LIMITS
@article{GeringerSameth:2011iw,
      author         = "Geringer-Sameth, Alex and Koushiappas, Savvas M.",
      title          = "{Exclusion of canonical WIMPs by the joint analysis of
                        Milky Way dwarfs with Fermi}",
      journal        = "Phys.Rev.Lett.",
      volume         = "107",
      pages          = "241303",
      doi            = "10.1103/PhysRevLett.107.241303",
      year           = "2011",
      eprint         = "1108.2914",
      archivePrefix  = "arXiv",
      primaryClass   = "astro-ph.CO",
      SLACcitation   = "%%CITATION = ARXIV:1108.2914;%%",
}