% ABERS LEE

@article{Abers:1973qs,
      author         = "Abers, E.S. and Lee, B.W.",
      title          = "{Gauge Theories}",
      journal        = "Phys.Rept.",
      volume         = "9",
      pages          = "1-141",
      doi            = "10.1016/0370-1573(73)90027-6",
      year           = "1973",
      SLACcitation   = "%%CITATION = PRPLC,9,1;%%",
}

% HIGGS

@article{Higgs:1966ev,
    author         = "Higgs, Peter W.",
    title          = "{Spontaneous Symmetry Breakdown without Massless Bosons}",
    journal        = "Phys.Rev.",
    volume         = "145",
    pages          = "1156-1163",
    doi            = "10.1103/PhysRev.145.1156",
    year           = "1966",
    SLACcitation   = "%%CITATION = PHRVA,145,1156;%%",
}

@article{Guralnik:1964eu,
      author         = "Guralnik, G.S. and Hagen, C.R. and Kibble, T.W.B.",
      title          = "{Global Conservation Laws and Massless Particles}",
      journal        = "Phys.Rev.Lett.",
      volume         = "13",
      pages          = "585-587",
      doi            = "10.1103/PhysRevLett.13.585",
      year           = "1964",
      SLACcitation   = "%%CITATION = PRLTA,13,585;%%",
}

@article{Kibble:1967sv,
      author         = "Kibble, T.W.B.",
      title          = "{Symmetry breaking in nonAbelian gauge theories}",
      journal        = "Phys.Rev.",
      volume         = "155",
      pages          = "1554-1561",
      doi            = "10.1103/PhysRev.155.1554",
      year           = "1967",
      SLACcitation   = "%%CITATION = PHRVA,155,1554;%%",
}

% GLASHOW 
@article{Glashow:1961tr,
    author         = "Glashow, S.L.",
    title          = "{Partial Symmetries of Weak Interactions}",
    journal        = "Nucl.Phys.",
    volume         = "22",
    pages          = "579-588",
    doi            = "10.1016/0029-5582(61)90469-2",
    year           = "1961",
    SLACcitation   = "%%CITATION = NUPHA,22,579;%%",
}
%WEINGBERG
@article{Weinberg:1967tq,
    author         = "Weinberg, Steven",
    title          = "{A Model of Leptons}",
    journal        = "Phys.Rev.Lett.",
    volume         = "19",
    pages          = "1264-1266",
    doi            = "10.1103/PhysRevLett.19.1264",
    year           = "1967",
    SLACcitation   = "%%CITATION = PRLTA,19,1264;%%",
}
%SALAM
@article{Salam:1968rm,
    author         = "Salam, Abdus",
    title          = "{Weak and Electromagnetic Interactions}",
    journal        = "Conf.Proc.",
    volume         = "C680519",
    pages          = "367-377",
    year           = "1968",
    SLACcitation   = "%%CITATION = CONFP,C680519,367;%%",
}


% YUKAWA
@article{Yukawa:1935xg,
    author         = "Yukawa, Hideki",
    title          = "{On the interaction of elementary particles}",
    journal        = "Proc.Phys.Math.Soc.Jap.",
    volume         = "17",
    pages          = "48-57",
    year           = "1935",
    reportNumber   = "PRINT-92-0144",
    SLACcitation   = "%%CITATION = PPMJA,17,48;%%",
}

@article{Yang:1954ek,
      author         = "Yang, Chen-Ning and Mills, Robert L.",
      title          = "{Conservation of Isotopic Spin and Isotopic Gauge
                        Invariance}",
      journal        = "Phys.Rev.",
      volume         = "96",
      pages          = "191-195",
      doi            = "10.1103/PhysRev.96.191",
      year           = "1954",
      SLACcitation   = "%%CITATION = PHRVA,96,191;%%",
}


% CKM ( C)
@article{Cabibbo:1963yz,
    author         = "Cabibbo, Nicola",
    title          = "{Unitary Symmetry and Leptonic Decays}",
    journal        = "Phys.Rev.Lett.",
    volume         = "10",
    pages          = "531-533",
    doi            = "10.1103/PhysRevLett.10.531",
    year           = "1963",
    SLACcitation   = "%%CITATION = PRLTA,10,531;%%",
}

% CKM ( KM ) 

@article{Kobayashi:1973fv,
    author         = "Kobayashi, Makoto and Maskawa, Toshihide",
    title          = "{CP Violation in the Renormalizable Theory of Weak Interaction}",
    journal        = "Prog.Theor.Phys.",
    volume         = "49",
    pages          = "652-657",
    doi            = "10.1143/PTP.49.652",
    year           = "1973",
    reportNumber   = "KUNS-242",
    SLACcitation   = "%%CITATION = PTPKA,49,652;%%",
}


% BOOKS

@article{Mannel:2004ce,
      author         = "Mannel, T.",
      title          = "{Effective Field Theories in Flavor Physics}",
      journal        = "Springer Tracts Mod.Phys.",
      volume         = "203",
      pages          = "1-175",
      doi            = "10.1007/b62268",
      year           = "2004",
      SLACcitation   = "%%CITATION = STPHB,203,1;%%",
}

@article{Manohar:2000dt,
      author         = "Manohar, Aneesh V. and Wise, Mark B.",
      title          = "{Heavy quark physics}",
      journal        = "Camb.Monogr.Part.Phys.Nucl.Phys.Cosmol.",
      volume         = "10",
      pages          = "1-191",
      year           = "2000",
      SLACcitation   = "%%CITATION = CMPCE,10,1;%%",
}

@book{Halzen:1984mc,
      author         = "Halzen, F. and Martin, Alan D.",
      title          = "{Quarks and leptons: an introductory course in modern particle physics}",
      year           = "1984",
      reportNumber   = "ISBN-9780471887416",
	publisher = "Wiley",
      SLACcitation   = "%%CITATION = ISBN-9780471887416 ETC.;%%",
}

%% MFV

@article{D'Ambrosio:2002ex,
    author         = "D'Ambrosio, G. and Giudice, G.F. and Isidori, G. and
        Strumia, A.",
    title          = "{Minimal flavor violation: An Effective field theory
        approach}",
    journal        = "Nucl.Phys.",
    volume         = "B645",
    pages          = "155-187",
    doi            = "10.1016/S0550-3213(02)00836-2",
    year           = "2002",
    eprint         = "hep-ph/0207036",
    archivePrefix  = "arXiv",
    primaryClass   = "hep-ph",
    reportNumber   = "CERN-TH-2002-147, IFUP-TH-2002-17",
    SLACcitation   = "%%CITATION = HEP-PH/0207036;%%",
}

% OPE 
@article{Wilson:1972ee,
    author         = "Wilson, K.G. and Zimmermann, W.",
    title          = "{Operator product expansions and composite field
        operators in the general framework of quantum field
        theory}",
journal        = "Commun.Math.Phys.",
volume         = "24",
pages          = "87-106",
doi            = "10.1007/BF01878448",
year           = "1972",
SLACcitation   = "%%CITATION = CMPHA,24,87;%%",
}

@article{Asner:2010qj,
    author         = "Asner, D. and others",
    title          = "{Averages of b-hadron, c-hadron, and $\tau$-lepton
        Properties}",
collaboration  = "{Heavy Flavor Averaging Group}",
year           = "{2010}",
eprint         = "1010.1589",
archivePrefix  = "{arXiv}",
primaryClass   = "{hep-ex}",
SLACcitation   = "%%CITATION = ARXIV:1010.1589;%%",
}



%% SM XSLL PREDICITONS

@article{Huber:2007vv,
      author         = "Huber, Tobias and Hurth, Tobias and Lunghi, Enrico",
      title          = "{Logarithmically Enhanced Corrections to the Decay Rate
                        and Forward Backward Asymmetry in $\bar{B} \to X_s \ell^+
                        \ell^-$}",
      journal        = "Nucl.Phys.",
      volume         = "B802",
      pages          = "40-62",
      doi            = "10.1016/j.nuclphysb.2008.04.028",
      year           = "2008",
      eprint         = "0712.3009",
      archivePrefix  = "arXiv",
      primaryClass   = "hep-ph",
      reportNumber   = "CERN-CERN-PH-TH-2007-177, SLAC-PUB-12859, ZU-TH-30-07,
                        FERMILAB-PUB-07-639-T, PITHA-07-21",
      SLACcitation   = "%%CITATION = ARXIV:0712.3009;%%",
}
@article{Ligeti:2007sn,
      author         = "Ligeti, Zoltan and Tackmann, Frank J.",
      title          = "{Precise predictions for $\bar{B} \to X_s \ell^+
                        \ell^-$ in the
                        large $q^{2}$ region}",
      journal        = "Phys.Lett.",
      volume         = "B653",
      pages          = "404-410",
      doi            = "10.1016/j.physletb.2007.07.070",
      year           = "2007",
      eprint         = "0707.1694",
      archivePrefix  = "arXiv",
      primaryClass   = "hep-ph",
      SLACcitation   = "%%CITATION = ARXIV:0707.1694;%%",
}



%%% THEORY 




@article{PhysRevD.61.114028,
    title = {Angular distribution and \textit{CP} asymmetries in the decays $\overline{B}\rightarrow{}{K}^{-}{\pi{}}^{+}{e}^{-}{e}^{+}$ and $\overline{B}\rightarrow{}{\pi{}}^{-}{\pi{}}^{+}{e}^{-}{e}^{+}$},
    author = {Kr\"uger, Frank and Sehgal, Lalit M. and Sinha, Nita and Sinha, Rahul},
    journal = {Phys. Rev. },
    volume = {D61},
    issue = {11},
    pages = {114028},
    numpages = {8},
    year = {2000},
    month = {May},
    doi = {10.1103/PhysRevD.61.114028},
    url = {http://link.aps.org/doi/10.1103/PhysRevD.61.114028},
    publisher = {American Physical Society}
}



@article{Lu:2011jm,
    author         = "Lu, Cai-Dian and Wang, Wei",
    title          = "{Analysis of $B\to K^*_J (\to K \pi) \mu^+\mu^-$ in the higher kaon resonance region}",
    journal        = "Phys.Rev.",
    volume         = "D85",
    pages          = "034014",
    doi            = "10.1103/PhysRevD.85.034014",
    year           = "2012",
    eprint         = "1111.1513",
    archivePrefix  = "arXiv",
    primaryClass   = "hep-ph",
    reportNumber   = "DESY-11-201",
    SLACcitation   = "%%CITATION = ARXIV:1111.1513;%%",
}


@article{Li:2010ra,
    author         = "Li, Run-Hui and Lu, Cai-Dian and Wang, Wei",
    title          = "{Branching ratios, forward-backward asymmetries and
        angular distributions of $B\to K_2^*l^+l^-$ in the
        standard model and new physics scenarios}",
journal        = "Phys.Rev.",
volume         = "D83",
pages          = "034034",
doi            = "10.1103/PhysRevD.83.034034",
year           = "2011",
eprint         = "1012.2129",
archivePrefix  = "arXiv",
primaryClass   = "hep-ph",
reportNumber   = "DESY-10-234",
SLACcitation   = "%%CITATION = ARXIV:1012.2129;%%",
}



@book{Blatt:628052,
    author      = "Blatt, John M and Weisskopf, Victor Frederick",
    title       = "{Theoretical nuclear physics}",
    publisher   = "{Springer}",
    address     = "{New York, NY}",
    year        = "{1979}",
}

@article{Choudhury:2011qz,
    author         = "Choudhury, S.R. and Cornell, A.S. and Roussos, J.D.",
    title          = "{Analysis of the lepton polarisation asymmetries of
        ${\bar B} \to {\bar K}_2(1430) \, \ell^+ \, \ell^-$
        decay}",
journal        = "Eur.Phys.J.",
volume         = "C71",
pages          = "1751",
year           = "2011",
eprint         = "1105.5901",
archivePrefix  = "arXiv",
primaryClass   = "hep-ph",
reportNumber   = "WITS-CTP-72",
SLACcitation   = "%CITATION = ARXIV:1105.5901;%",
}

@article{Grinstein:2005ud,
    author         = "Grinstein, Benjamin and Pirjol, Dan",
    title          = "{Factorization in \Bd\to\kaon\pion\ellell  decays}",
    journal        = "Phys.Rev.",
    volume         = "D73",
    pages          = "094027",
    doi            = "10.1103/PhysRevD.73.094027",
    year           = "2006",
    eprint         = "hep-ph/0505155",
    archivePrefix  = "arXiv",
    primaryClass   = "hep-ph",
    reportNumber   = "MIT-CTP-3625, UCSD-PTH-05-05",
    SLACcitation   = "%CITATION = HEP-PH/0505155;%",
}


@article{Melikhov:1998cd,
    author         = "Melikhov, D. and Nikitin, N. and Simula, S.",
    title          = "{Probing right-handed currents in \Bd\to\Kstar\ellell transitions}",
    journal        = "Phys.Lett.",
    volume         = "B442",
    pages          = "381-389",
    doi            = "10.1016/S0370-2693(98)01271-4",
    year           = "1998",
    eprint         = "hep-ph/9807464",
    archivePrefix  = "arXiv",
    primaryClass   = "hep-ph",
    reportNumber   = "INFN-RM3-98-1",
    SLACcitation   = "%CITATION = HEP-PH/9807464;%",
}




@article{AltmannshoferBall,
    author         = "Altmannshofer, Wolfgang and Ball, Patricia and Bharucha, Aoife and Buras, Andrzej J. and Straub, David M. and
        others",
    title          = "{Symmetries and Asymmetries of $B \to K^{*} \mu^{+}\mu^{-}$ Decays in the Standard Model and Beyond}",
    journal        = "JHEP",
    volume         = "01",
    pages          = "019",
    doi            = "10.1088/1126-6708/2009/01/019",
    year           = "2009",
    eprint         = "0811.1214",
    archivePrefix  = "arXiv",
    primaryClass   = "hep-ph",
    reportNumber   = "IPPP-08-58, DCPT-08-116, TUM-HEP-696-08",
    SLACcitation   = "%%CITATION = ARXIV:0811.1214;%%",
}



@article{Kruger:2005ep,
    author        = "{Kruger, F. and others.}",
    title         = "{Probing new physics via the transverse amplitudes of $\Bd \to
        \Kstarzb (\to \Km \pip) \ellell$ at large recoil}",
journal       = "Phys.Rev.",
volume        = "D71",
pages         = "094009",
doi           = "10.1103/PhysRevD.71.094009",
year          = "2005",
eprint        = "hep-ph/0502060",
archivePrefix = "arXiv",
primaryClass  = "hep-ph",
reportNumber  = "UAB-FT-560",
SLACcitation  = "%CITATION = HEP-PH/0502060;%",
}


@article{Cheng:2001ez,
    author        = "Cheng, Hai-Yang and Keum, Yong-Yeon and Yang, Kwei-Chou",
    title         = "{$B \to J/\psi K^{*}$ decays in QCD factorization}",
    journal       = "{Phys.Rev.}",
    volume        = "{D65}",
    pages         = "{094023}",
    doi           = "{10.1103/PhysRevD.65.094023}",
    year          = "{2002}",
    eprint        = "{hep-ph/0111094}",
    archivePrefix = "{arXiv}",
    primaryClass  = "{hep-ph}",
    reportNumber  = "{IPAS-HEP-01-007, KIAS-P01050}",
    SLACcitation  = "{%CITATION = HEP-PH/0111094;%}",
}

@article{Bobeth:2010wg,
    author         = "Bobeth, Christoph and Hiller, Gudrun and van Dyk, Danny",
    title          = "{The Benefits of $\bar{B}\to\bar{K}^* \ellell $ Decays
        at Low Recoil}",
journal        = "JHEP",
volume         = "07",
pages          = "098",
doi            = "10.1007/JHEP07(2010)098",
year           = "2010",
eprint         = "1006.5013",
archivePrefix  = "arXiv",
primaryClass   = "hep-ph",
reportNumber   = "CERN-PH-TH-2010-134, DO-TH-10-08",
SLACcitation   = "%%CITATION = ARXIV:1006.5013;%%",
}
@article{Matias:2012xw,
    author         = "Matias, Joaquim and Mescia, Federico and Ramon, Marc and
        Virto, Javier",
    title          = "{Complete Anatomy of $\bar{B}_d \to \bar{K}^{* 0}
    (\to K \pi)\ellell$ and its angular distribution}",
journal        = "JHEP",
volume         = "04",
pages          = "104",
doi            = "10.1007/JHEP04(2012)104",
year           = "2012",
eprint         = "1202.4266",
archivePrefix  = "arXiv",
primaryClass   = "hep-ph",
SLACcitation   = "%%CITATION = ARXIV:1202.4266;%%",
}



@article{Bobeth:2011nj,
    author         = "Bobeth, Christoph and Hiller, Gudrun and van Dyk, Danny and Wacker, Christian",
    title          = "{The Decay \BdToKstll at Low Hadronic Recoil and Model-Independent Delta B = 1 Constraints}",
    journal        = "JHEP",
    volume         = "01",
    pages          = "107",
    doi            = "10.1007/JHEP01(2012)107",
    year           = "2012",
    eprint         = "1111.2558",
    archivePrefix  = "arXiv",
    primaryClass   = "hep-ph",
    reportNumber   = "DO-TH-11-23, EOS-2011-03",
    SLACcitation   = "%%CITATION = ARXIV:1111.2558;%%",
}



@Article{Becirevic:2011bp,
    author   = "Becirevic, D and Schneider, E",
    title    = "{On transverse asymmetries in $\B\to\Kstarz\ellell$}",
    journal  = "Nucl. Phys.",
    volume   = "B854",
    year     = "2012",
    pages    = "321-339",
    eprint   = "1106.3283",
    archivePrefix= "arXiv",
    primaryClass  =  "hep-ph",
    doi      = "10.1016/j.nuclphysb.2011.09.004",
    SLACcitation = "%CITATION = 1106.3283;%",
}

% ALTMANSHOFER CONSTRIANTS

@article{Altmannshofer:2011gn,
      author         = "Altmannshofer, Wolfgang and Paradisi, Paride and Straub,
                        David M.",
      title          = "{Model-Independent Constraints on New Physics in \bquark\to\squark Transitions}",
      journal        = "JHEP",
      volume         = "1204",
      pages          = "008",
      doi            = "10.1007/JHEP04(2012)008",
      year           = "2012",
      eprint         = "1111.1257",
      archivePrefix  = "arXiv",
      primaryClass   = "hep-ph",
      reportNumber   = "CERN-PH-TH-2011-275-FERMILAB-PUB-11-597-T",
      SLACcitation   = "%%CITATION = ARXIV:1111.1257;%%",
}

@article{Altmannshofer:2012az,
    author         = "Altmannshofer, Wolfgang and Straub, David M.",
    title          = "{Cornering New Physics in \bquark\to\squark Transitions}",
    journal        = "JHEP",
    volume         = "08",
    pages          = "121",
    doi            = "10.1007/JHEP08(2012)121",
    year           = "2012",
    eprint         = "1206.0273",
    archivePrefix  = "arXiv",
    primaryClass   = "hep-ph",
    reportNumber   = "FERMILAB-PUB-12-257-T",
    SLACcitation   = "%%CITATION = ARXIV:1206.0273;%%",
}
	
% NEWP HYSICSI N KSTARMUMU
@article{Egede:2010zc,
    author        = "Egede, U. and others.",
    title         = "{New physics reach of the decay mode $\bar{B} \to \bar{K}^{*0}\ell^+\ell^-$}",
    journal       = "JHEP",
    volume        = "10",
    pages         = "056",
    doi           = "10.1007/JHEP10(2010)056",
    year          = "2010",
    eprint        = "1005.0571",
    archivePrefix = "arXiv",
    primaryClass  = "hep-ph",
    reportNumber  = "UAB-FT-679, MZ-TH-10-04, IC-HEP-2010-02,CERN-PH-TH-2010-032",
    SLACcitation  = "%CITATION = ARXIV:1005.0571;%",
}

% OBSERVABLES PAPAEr
@article{Egede:2008uy,
    author        = "Egede, U. and others.",
    title         = "{New observables in the decay mode \BdToKstmm }",
    journal       = "JHEP",
    volume        = "11",
    pages         = "032",
    doi           = "10.1088/1126-6708/2008/11/032",
    year          = "2008",
    eprint        = "0807.2589",
    archivePrefix = "arXiv",
    primaryClass  = "hep-ph",
    reportNumber  = "SLAC-PUB-13307, UAB-FT-2008-652, CERN-TH-2008-155",
    SLACcitation  = "%CITATION = ARXIV:0807.2589;%",
}

% KSTAR EE PUB +LIC NOTE ONCTIANS FACTORISATION
@article{Ksteepubnote,
    author        = "Lefrançois, J. and Schune, M.H.",
    title         = "{Measuring the photon polarization in \btosgam using
        the  $B^{0} \rightarrow K^{*0} e^+
            e^-$ decay channel}",
year          = "{2009}",
reportNumber  = "{LHCb-PUB-2009-008, CERN-LHCb-PUB-2009-008,
LHCb-INT-2009-007}",
SLACcitation  = "{%CITATION = LHCB-PUB-2009-008 ETC.;%}",
}

% PHI S SWAVE THEORY
@article{Xie:2009fs,
    author         = "Xie, Yuehong and Clarke, Peter and Cowan, Greig and
        Muheim, Franz",
    title          = "{Determination of 2$\beta$(s) in $B_{0(s)}$ -> J/psi K+ K-
        Decays in the Presence of a K+ K- S-Wave Contribution}",
journal        = "JHEP",
volume         = "09",
pages          = "074",
doi            = "10.1088/1126-6708/2009/09/074",
year           = "2009",
eprint         = "0908.3627",
archivePrefix  = "arXiv",
primaryClass   = "hep-ph",
reportNumber   = "LHCB-PUB-2009-007",
SLACcitation   = "%%CITATION = ARXIV:0908.3627;%%",
}


% KPI SCATTERING THEORY
@article{Lang:2012sv,
    author         = "Lang, C.B. and Leskovec, Luka and Mohler, Daniel and
        Prelovsek, Sasa",
    title          = "{K pi scattering for isospin 1/2 and 3/2 in lattice QCD}",
    year           = "2012",
    eprint         = "1207.3204",
    archivePrefix  = "arXiv",
    primaryClass   = "hep-lat",
    SLACcitation   = "%%CITATION = ARXIV:1207.3204;%%",
}


% WILSONS
@article{Bobeth:1999mk,
      author         = "Bobeth, Christoph and Misiak, Mikolaj and Urban, Jorg",
      title          = "{Photonic penguins at two loops and m(t) dependence of
                        BR[$\B\to X_{(s)}\ellell$]}",
      journal        = "Nucl.Phys.",
      volume         = "B574",
      pages          = "291-330",
      doi            = "10.1016/S0550-3213(00)00007-9",
      year           = "2000",
      eprint         = "hep-ph/9910220",
      archivePrefix  = "arXiv",
      primaryClass   = "hep-ph",
      reportNumber   = "TUM-HEP-329-98, IFT-16-98, CERN-TH-99-287",
      SLACcitation   = "%%CITATION = HEP-PH/9910220;%%",
}


% KSTMM SM PREDICTION

% SEE OTHER FILE 

% US





@article{Blake:2012mb,
    author         = "Blake, Thomas and Egede, Ulrik and Shires, Alex",
    title          = "{The effect of S-wave interference on the $B^0 \to K^{\ast 0}\ell^+\ell^-$ angular observables}",
    journal        = "JHEP",
    volume         = "03",
    pages          = "027",
    doi            = "10.1007/JHEP03(2013)027",
    year           = "2013",
    eprint         = "1210.5279",
    archivePrefix  = "arXiv",
    primaryClass   = "hep-ph",
    reportNumber   = "IC-HEP-12-03",
    SLACcitation   = "%%CITATION = ARXIV:1210.5279;%%",
}


% BTO"LLBALL

@article{PhysRevD.61.074024,
    title = "{Comparative study of the decays \B\to(K,\Kstar)\ellell in the standard model and supersymmetric theories}",
    author = {Ali, A. and Ball, Patricia and Handoko, L. T. and Hiller, G.},
    journal = {Phys. Rev.},
    volume = {D61},
    issue = {7},
    pages = {074024},
    numpages = {19},
    year = {2000},
    month = {Mar},
    doi = {10.1103/PhysRevD.61.074024},
    url = {http://link.aps.org/doi/10.1103/PhysRevD.61.074024},
    publisher = {American Physical Society}
}

% CHEBYCHEV

@book{CHEBYCHEV,
    title={Th{\'e}orie des m{\'e}canismes connus sous le nom de parall{\'e}logrammes, par M. P. Tch{\'e}bychev,... 1re partie...},
    author={Tchebychev, P.L.},
    url={http://books.google.co.uk/books?id=rC88QwAACAAJ},
    year={1854},
    publisher={Eggers}
}




%% OTHER SWAVE PAPERS
@article{Becirevic:2012dp,
    author         = "Becirevic, Damir and Tayduganov, Andrey",
    title          = "{Impact of $B\to K^\ast_0 \ell^+\ell^-$ on the New
        Physics search in $B\to K^\ast \ell^+\ell^-$ decay}",
year           = "2012",
eprint         = "1207.4004",
archivePrefix  = "arXiv",
primaryClass   = "hep-ph",
reportNumber   = "LPT-12-79, LAL-12-274",
SLACcitation   = "%%CITATION = ARXIV:1207.4004;%%",
}



@article{Matias:2012qz,
    author         = "Matias, Joaquim",
    title          = "{On the S-wave pollution of \BdToKstll observables}",
    journal        = "Phys.Rev.",
    volume         = "D86",
    pages          = "094024",
    doi            = "10.1103/PhysRevD.86.094024",
    year           = "2012",
    eprint         = "1209.1525",
    archivePrefix  = "arXiv",
    primaryClass   = "hep-ph",
    reportNumber   = "UAB-FT-722",
    SLACcitation   = "%%CITATION = ARXIV:1209.1525;%%",
}


%%%%%%%%%% RAD THEORY




@article{Ali:th-b2vgamma-NNLO:2008,
    Archiveprefix = {arXiv},
    Author = {Ali, Ahmed and Pecjak, Ben D. and Greub, Christoph},
    Date-Modified = {2011-09-19 19:33:46 +0200},
    Doi = {10.1140/epjc/s10052-008-0623-5},
    Eprint = {0709.4422},
    Journal = {Eur. Phys. J.},
    Keywords = {radiative-decays; theory},
    Pages = {577},
    Primaryclass = {hep-ph},
    Slaccitation = {%%CITATION = 0709.4422;%%},
    Title = {{Towards $B \to V \gamma$ decays at NNLO in SCET}},
    Volume = {C55},
    Year = {2008},
}




%% QCD FACTORISATON
@article{Beneke:2000wa,
    author         = "Beneke, M. and Feldmann, T.",
    title          = "{Symmetry breaking corrections to heavy to light B meson
        form-factors at large recoil}",
journal        = "Nucl.Phys.",
volume         = "B592",
pages          = "3-34",
doi            = "10.1016/S0550-3213(00)00585-X",
year           = "2001",
eprint         = "hep-ph/0008255",
archivePrefix  = "arXiv",
primaryClass   = "hep-ph",
reportNumber   = "PITHA-00-20",
SLACcitation   = "%%CITATION = HEP-PH/0008255;%%",
}


% CHARMONIUM CALC
@article{Khodjamirian:2010vf,
    author         = "Khodjamirian, A. and Mannel, Th. and Pivovarov, A.A. and
        Wang, Y.-M.",
    title          = "{Charm-loop effect in $B \to K^{(*)} \ell^{+} \ell^{-}$
        and $B\to K^*\gamma$}",
journal        = "JHEP",
volume         = "09",
pages          = "089",
doi            = "10.1007/JHEP09(2010)089",
year           = "2010",
eprint         = "1006.4945",
archivePrefix  = "arXiv",
primaryClass   = "hep-ph",
reportNumber   = "SI-HEP-2010-08",
SLACcitation   = "%%CITATION = ARXIV:1006.4945;%%",
}

